@article{GoerlichSeewaldRibbeck2003,
  doi = {10.1093/emboj/cdg113},
  url = {https://doi.org/10.1093/emboj/cdg113},
  year = {2003},
  month = mar,
  publisher = {Wiley},
  volume = {22},
  number = {5},
  pages = {1088--1100},
  author = {Dirk G\"{o}rlich and Michael J. Seewald and Katharina Ribbeck},
  title = {Characterization of {R}an-driven cargo transport and the {RanGTPase} system by kinetic measurements and computer simulation},
  journal = {The {EMBO} Journal}
}

@article{KlebeBischoffPonstinglWittinghofer1995,
  doi = {10.1021/bi00002a031},
  url = {https://doi.org/10.1021/bi00002a031},
  year = {1995},
  month = jan,
  publisher = {American Chemical Society ({ACS})},
  volume = {34},
  number = {2},
  pages = {639--647},
  author = {Christian Klebe and F. Ralf Bischoff and Herwig Ponstingl and Alfred Wittinghofer},
  title = {Interaction of the Nuclear {GTP}-Binding Protein {R}an with Its Regulatory Proteins {RCC1} and {RanGAP1}},
  journal = {Biochemistry}
}

@article{KlebePrinzWittinghoferGoody1995,
  doi = {10.1021/bi00039a008},
  url = {https://doi.org/10.1021/bi00039a008},
  year = {1995},
  month = oct,
  publisher = {American Chemical Society ({ACS})},
  volume = {34},
  number = {39},
  pages = {12543--12552},
  author = {Christian Klebe and Heino Prinz and Alfred Wittinghofer and Roger S. Goody},
  title = {The Kinetic Mechanism of Ran-Nucleotide Exchange Catalyzed by {RCC}1},
  journal = {Biochemistry}
}

@article{BischoffKrebberKempfHermesPonstingl1995--,
  doi = {10.1073/pnas.92.5.1749},
  url = {https://doi.org/10.1073/pnas.92.5.1749},
  year = {1995},
  month = feb,
  publisher = {Proceedings of the National Academy of Sciences},
  volume = {92},
  number = {5},
  pages = {1749--1753},
  author = {F. R. Bischoff and H. Krebber and T. Kempf and I. Hermes and H. Ponstingl},
  title = {Human {RanGTPase}-activating protein {RanGAP1} is a homologue of yeast {Rna1p} involved in {mRNA} processing and transport},
  journal = {Proceedings of the National Academy of Sciences}
}

@article{BischoffKrebberSmirnovaDongPonstingl1995,
  doi = {10.1002/j.1460-2075.1995.tb07049.x},
  url = {https://doi.org/10.1002/j.1460-2075.1995.tb07049.x},
  year = {1995},
  month = feb,
  publisher = {Wiley},
  volume = {14},
  number = {4},
  pages = {705--715},
  author = {F. R. Bischoff and H. Krebber and E. Smirnova and W. Dong and H. Ponstingl},
  title = {Co-activation of {RanGTPase} and inhibition of {GTP} dissociation by {Ran}--{GTP} binding protein {RanBP1}},
  journal = {The {EMBO} Journal}
}
